@article{10.1257/pol.6.4.71,
Author = {Bosch, Mariano and Campos-Vazquez, Raymundo M.},
Title = {The Trade-Offs of Welfare Policies in Labor Markets with Informal Jobs: The Case of the "Seguro Popular" Program in Mexico},
Journal = {American Economic Journal: Economic Policy},
Volume = {6},
Number = {4},
Year = {2014},
Month = {November},
Pages = {71-99},
DOI = {10.1257/pol.6.4.71},
URL = {https://www.aeaweb.org/articles?id=10.1257/pol.6.4.71}}

@misc{shapefile,
author = {Alvaro Solorza},
Title = {Límites Administrativos Municipales de México, INEGI},
year = {2018},
url = {https://idegeo.centrogeo.org.mx/layers/geonode%3Amunicipios_mx_feb2018},
}

